1765 3172
523 224 934 277 ὈΔΥΣΣΕΙΑΣ
977 223 1028 274 Z'

1431 226 1533 277 261

196 373 366 436 Ἑξείης
392 372 590 425 πέτασαν
615 373 742 445 παρὰ
769 372 856 423 va'
882 369 1012 433 ἁλὸς,
1039 371 1121 442 ἧχι
1147 372 1337 441 μάλιςα

93 451 164 503 95
201 450 432 514 Λάῖγγας
459 448 561 500 ποτὶ
587 446 742 519 χέξσον
762 446 1068 500 ἀποπλύνεσκε
1096 448 1350 500 θάλασσα.

201 526 267 576 Αἱ
293 522 356 584 δε,
383 523 701 592 λοεσσάμεναι,
726 544 806 573 και
832 522 1139 612 χξισσάμιεναι
1166 521 1257 572 λίπ’
1289 520 1440 590 ἑλαιῳ,

201 600 391 649 Aecwvov
417 595 555 649 ἔπειθ’
585 595 749 648 εἴλοντο
775 618 865 667 παξ
905 592 1099 667 οχὸῃσιν
1125 601 1359 666 ποταμοῖο·

202 671 397 740 Εἱματα
424 671 460 723 δ’
488 671 644 730 ἠελίοιο
668 669 790 740 μένον
815 671 1074 740 ‘tego-&poema
1104 670 1243 742 αὐγῇ.

205 746 365 817 Abroi?
393 767 481 797 επει
507 767 607 797 σιτε
634 746 837 816 τάρφθεν
857 744 1008 814 δμωαι
1031 767 1096 806 τε,
1122 767 1201 795 και
1229 744 1360 803 avr-37,

64 822 166 871 100
205 820 380 892 Σφαίξη
407 842 482 871 ται
474 819 539 871 ’τ’
567 818 636 891 o'csg’
665 818 904 888 {woecgovst
883 841 971 871 απο
998 818 1221 890 κξῆδεμνα
1244 818 1477 882 βαλὲσαι·

205 897 320 951 Τῆσι
349 893 393 946 δε
420 894 676 945 Ναυσικάα
702 892 964 951 λευκώλενος
992 891 1154 982 {ignaro
1180 897 1372 962 μολπῆς.

209 967 298 1027 Οιη
326 967 361 1020 δ’
380 964 673 1039 ”Αξτεμις
625 972 709 1019 εἰσί
731 967 887 1020 κα7·”
868 965 988 1038 §geos
1015 965 1243 1039 ιὀχεαιξα,

210 1113 329 1145 Ordine
343 1114 560 1153 explicuerunt
573 1113 612 1144 ad
627 1113 716 1144 littus
734 1113 841 1152 maris,
855 1113 907 1144 ubi
923 1112 1120 1153 potissimum

149 1170 188 1200 95
211 1167 349 1207 Lapillos
364 1168 403 1198 ad
419 1167 506 1198 littus
520 1167 663 1197 abluebat
678 1177 771 1197 mare.

209 1222 292 1260 Ipsae
306 1231 398 1260 porro
413 1221 494 1257 lotae‚
509 1227 539 1251 et
554 1227 656 1252 unctae
670 1221 781 1261 pingui
796 1220 873 1257 oleo,

211 1275 386 1306 Prandium
401 1275 515 1305 deinde
530 1280 731 1313 sumpserunt
744 1274 784 1304 ad
799 1274 880 1313 ripas
895 1274 995 1305 fluvii:

211 1329 324 1360 Vestes
339 1335 452 1365 autem,
469 1329 541 1359 solis
556 1330 726 1359 manebant
740 1328 817 1359 dum
834 1329 1022 1359 siccarentur
1036 1328 1211 1368 splendore.

211 1384 367 1414 Caeterum
384 1390 548 1424 postquam
565 1384 634 1414 cibo
648 1389 792 1413 saturatae
807 1389 880 1414 sunt
895 1383 1084 1424 ancillaeque,
1099 1390 1130 1414 et
1144 1384 1225 1424 ipsa3

135 1441 195 1468 100
217 1437 290 1468 Pila
303 1437 376 1477 ipsae
390 1437 502 1467 deinde
516 1437 673 1474 ludebant,
693 1437 1006 1476 capitis-redimiculis
1022 1437 1186 1477 depositis:

207 1490 275 1521 Illis
289 1501 361 1521 vero
378 1491 531 1521 Nausicaa
548 1491 782 1530 pulchra-ulnas
797 1492 1013 1522 exordiebatur
1028 1498 1151 1523 cantus.

212 1543 321 1581 Qualis
337 1551 442 1574 autem
459 1544 564 1575 Diana
574 1544 690 1575 incedit
704 1555 758 1584 per
772 1551 912 1576 montem
927 1546 1213 1588 sagittis-gaudem,

297 1642 369 1662 rum
383 1638 444 1663 est:
466 1632 550 1663 idem
565 1642 665 1673 genus
678 1632 761 1663 infra
775 1636 848 1665 517.
892 1637 928 1665 91
949 1634 1085 1676 Εἴμαιτα]
1101 1634 1137 1664 F.
1181 1638 1223 1665 96
1237 1634 1297 1666 vid.
1312 1640 1376 1666 not.

65 1749 245 1789 expertium,
255 1758 327 1779 cum
347 1759 379 1779 se
398 1748 438 1779 ad
452 1749 597 1779 historica
610 1748 784 1780 conferunt.

66 1795 146 1824 Erro.

106 1836 181 1866 Ver.
198 1838 268 1865 102.
291 1834 344 1867 o‘ln
359 1832 381 1864 δ’
398 1833 550 1876 ''Aet-rems]
575 1834 689 1875 Virgil.

98 1893 188 1923 Qualis
199 1893 226 1917 in
239 1892 345 1916 Eurotae
355 1892 425 1922 ripis,
435 1894 482 1916 aut
492 1898 538 1923 per
545 1893 609 1923 juga
620 1893 717 1923 Cynthi

93 1933 207 1958 Exercet
218 1932 304 1957 Diana
314 1932 415 1962 choros,
426 1939 505 1962 quam
515 1933 588 1957 mille
597 1935 693 1957 secutae

97 1972 169 1997 Hinc
179 1975 257 2002 atque
267 1972 329 1996 hinc
337 1972 517 2003 glomerantur
528 1972 653 1998 Oreades:
667 1973 713 1998 illa
722 1973 785 2004 pba-

127 2015 225 2036 tetram

98 2051 161 2076 Fert
181 2052 307 2082 humeris,
327 2052 498 2082 gradiensque
517 2052 588 2077 Deas
607 2053 786 2084 supereminet

97 2098 324 2154 ljtffiizstacitum
334 2132 484 2161 pertentant
494 2132 589 2161 gaudia
600 2134 703 2162 pectus:

98 2168 169 2192 Talis
179 2171 235 2192 erat
245 2168 330 2199 Did03
346 2169 426 2193 talem
436 2176 464 2193 se
473 2170 532 2194 laeta
541 2170 641 2195 ferebat

100 2205 152 2231 Per
162 2207 271 2236 medios,
280 2207 379 2232 instans
387 2208 458 2238 operi
468 2209 606 2240 regnisque
615 2209 719 2234 futuris,

597 2248 658 2272 AEn.
669 2248 692 2272 1.
700 2248 755 2272 5053.

71 2303 144 2338 Quo
158 2301 284 2333 deloco
311 2304 436 2339 Gellius;
456 2304 656 2341 “Meminiss’
674 2305 783 2345 inquit,

104 2404 146 2410 —
160 2387 285 2417 solitum
300 2398 371 2418 eum
398 2389 506 2423 dicere,
522 2390 600 2419 nihil
617 2390 783 2431 quicquam

71 2478 89 2493 ‘⁸
103 2472 245 2510 vertisse,¹'
238 2483 351 2513 quam
366 2483 468 2504 versus
482 2476 539 2504 hos
552 2475 781 2512 amoenissimos,

71 2563 89 2578 ‘³
105 2557 249 2587 Primum
272 2558 414 2588 omnium
437 2559 470 2589 id
491 2559 593 2590 visum
615 2570 679 2590 esse
700 2560 784 2591 dice-

73 2860 91 2875 “
105 2837 275 2896 Virgilium
304 2856 421 2893 fecisse,
457 2858 605 2898 quoniam
633 2859 720 2890 Dido
750 2860 784 2890 in

74 2902 93 2917 “
107 2899 180 2929 urbe
214 2898 319 2930 media
352 2900 529 2942 ingrediens
564 2901 644 2933 inter
672 2902 784 2944 Tyrios

829 1755 847 1769 “
862 1749 1023 1789 principes,
1039 1749 1126 1780 cultu
1141 1755 1233 1790 atque
1246 1750 1369 1781 incessu
1391 1750 1480 1788 serio,
1497 1753 1546 1783 in-

829 1798 846 1812 “
859 1799 942 1823 stans
957 1794 1048 1832 operi,
1073 1793 1152 1823 sicut
1172 1792 1238 1832 ipse
1252 1793 1303 1829 ait,
1325 1796 1482 1834 regnisque
1486 1796 1547 1835 fu·

828 1840 846 1854 “
860 1838 947 1870 curis,
981 1835 1060 1865 nihil
1098 1835 1164 1875 ejus
1192 1835 1406 1867 similitudinis
1436 1847 1546 1877 capere

829 1883 847 1897 “
861 1884 968 1917 posset,
983 1889 1053 1919 quae
1065 1877 1184 1909 lusibus
1198 1884 1290 1919 atque
1312 1880 1473 1910 venatibus
1488 1881 1549 1910 Di-

831 1926 848 1940 “
860 1931 929 1950 anae
946 1921 1097 1961 congruit.
1143 1921 1228 1951 Tum
1250 1927 1355 1960 postea
1369 1923 1454 1962 quod
1477 1923 1548 1953 Ho-

829 1969 847 1983 “
861 1973 965 1993 merus
979 1964 1083 1994 studia
1104 1969 1196 2004 atque
1210 1964 1435 1996 oblectamenta
1448 1966 1482 1996 in
1497 1976 1549 1996 ve-

830 2012 848 2026 “
862 2006 967 2036 nando
982 2007 1096 2038 Dianae
1118 2008 1247 2038 honeste
1270 2014 1436 2049 aperteque
1456 2009 1531 2040 dicit
1538 2022 1549 2047 ;

829 2055 847 2069 “
861 2049 1015 2089 Virgilius
1028 2056 1144 2086 autern,
1166 2060 1266 2091 quum
1287 2051 1326 2081 de
1348 2058 1462 2082 venatu
1482 2052 1550 2083 deae

829 2097 848 2112 “
860 2092 940 2122 nihil
961 2092 1094 2128 dixisset,
1131 2094 1307 2132 pharetram
1337 2100 1442 2125 tamen
1474 2095 1549 2126 facit

826 2141 844 2155 ‘⁴
858 2145 927 2165 eam
943 2135 1022 2166 ferre
1036 2136 1070 2165 in
1091 2137 1230 2172 humero,
1253 2143 1402 2177 tanquam
1424 2138 1450 2168 si
1468 2149 1548 2170 onus

827 2183 845 2198 ⁴⁴
859 2184 890 2208 et
903 2179 1064 2209 sarcinam.
1096 2180 1202 2219 Atque
1216 2179 1296 2210 illud
1311 2182 1452 2220 impense
1468 2182 1546 2212 Pro-

827 2224 845 2241 “
861 2222 936 2251 bum
952 2231 1016 2251 esse
1037 2222 1227 2252 demiratum
1245 2223 1279 2252 in
1306 2223 1441 2263 Virgilio
1464 2224 1548 2255 dice-

828 2269 847 2283 “
860 2264 944 2299 baut,
982 2265 1066 2304 quod
1096 2265 1267 2295 Homerica
1302 2266 1431 2306 quidem
1461 2268 1546 2301 Amo)

831 2311 849 2326 “
861 2306 1012 2346 gaudium
1040 2307 1176 2347 gaudeat
1203 2308 1378 2347 genuinum
1408 2315 1439 2339 et
1471 2310 1543 2340 inti-

69 2343 226 2407 :audisse
241 2355 291 2375 me
313 2355 350 2375 ex
367 2346 482 2376 Valerii
509 2347 604 2377 Probi
627 2347 786 2396 discipulis
829 2354 847 2368 “

861 2359 960 2384 mum,
984 2355 1076 2389 atque
1099 2349 1132 2379 in
1148 2349 1214 2388 ipso
1236 2351 1385 2389 penetrali
1399 2352 1500 2383 cordis
1515 2359 1546 2383 et

827 2396 844 2411 “
858 2392 971 2421 animae
985 2392 1101 2432 vigens,
1125 2393 1295 2433 (siquidem
1310 2404 1374 2425 non
1389 2395 1476 2426 aliud
1491 2403 1544 2430 est,

83 2436 169 2460 ‘tam
190 2429 376 2469 improspere
390 2432 561 2472 Virgilium
580 2443 619 2462 ex
641 2434 783 2464 Homero
826 2439 846 2453 ‘⁶

827 2482 845 2495 “
858 2476 973 2506 imitari
987 2477 1046 2507 hoc
1060 2450 1176 2515 volens,
1203 2479 1319 2519 gaudia
1338 2480 1445 2511 fecerit
1458 2482 1546 2522 pigra

69 2521 88 2535 “
101 2524 178 2554 quos
207 2514 246 2545 de
276 2515 430 2546 Nausicaa
459 2517 618 2547 Homerus
646 2518 729 2551 fecit.
740 2536 784 2543 —
827 2523 845 2538 ‘⁶

860 2434 977 2482 γέγηθε
1000 2433 1027 2465 δέ
1045 2448 1078 2465 τε
1101 2442 1136 2477 φρ
1140 2435 1185 2466 ἕνα
1211 2436 1320 2476 Amor)
1354 2437 1420 2476 ipse
1439 2444 1545 2469 autem

859 2525 890 2549 et
905 2519 984 2549 levia
997 2526 1028 2550 et
1042 2521 1228 2557 cunctantia,
1251 2528 1282 2552 et
1296 2524 1386 2563 quasi
1401 2524 1435 2553 in
1460 2535 1545 2554 sum—

838 2567 845 2581 ‘
858 2571 912 2591 mo
933 2568 1056 2601 pectore
1081 2565 1294 2602 supernantia:
1320 2567 1438 2597 nescire
1459 2567 1545 2597 enim

72 2605 90 2620 ‘⁶
106 2600 181 2629 bant
196 2600 310 2637 Probo,
331 2601 413 2640 quod
427 2601 511 2641 apud
523 2603 700 2633 Homerum
715 2604 783 2643 qui·
827 2609 845 2623 ‘⁴

72 2648 90 2662 “
104 2642 176 2672 dem
203 2643 292 2683 virgo
323 2643 478 2674 Nausicaa
504 2644 677 2676 ludibunda
705 2645 786 2676 inter
828 2652 848 2666 ‘⁴

72 2685 281 2721 “familiares
310 2686 426 2724 puellas
450 2687 483 2716 in
508 2687 582 2718 locis
605 2688 679 2718 solis
704 2695 786 2720 recte
830 2693 848 2710 “

71 2733 89 2748 ‘⁴
103 2734 195 2768 atque
219 2728 382 2758 commode
405 2729 562 2760 confertur
583 2739 657 2761 cum
681 2731 786 2762 Diana
829 2737 848 2752 “

74 2776 92 2790 “
104 2777 233 2801 venante
248 2770 281 2800 in
292 2771 378 2811 jugis
388 2773 542 2802 montium
557 2773 636 2803 inter
650 2780 782 2814 agrestes
826 2781 843 2794 ‘⁴

71 2818 90 2833 ‘⁶
104 2812 191 2850 deas3
231 2823 424 2854 nequaquam
456 2821 560 2846 autem
595 2817 781 2848 conveniens
824 2824 843 2838 “

828 2867 846 2881 ‘¹
859 2862 978 2903 tiorque
1013 2862 1253 2902 pulchritudinis
1277 2863 1347 2892 laus
1366 2862 1430 2892 dici
1452 2870 1544 2902 potu-

827 2910 845 2924 “
858 2904 927 2944 erit,
943 2914 1038 2946 quam
1062 2904 1147 2946 quod
1160 2915 1225 2936 una
1250 2904 1330 2935 inter
1352 2914 1461 2937 omnes
1476 2907 1545 2947 pul-

858 2615 924 2635 sese
937 2605 1012 2645 quid
1036 2606 1223 2647 significaret
1244 2608 1338 2644 aliud,
1361 2615 1544 2649 pertentant.

862 2647 1003 2678 Praeter
994 2655 1052 2679 ista
1065 2650 1180 2685 omnia,
1205 2650 1315 2681 florem
1340 2651 1436 2700 ipsius
1452 2652 1546 2681 totius

861 2690 921 2720 loci
949 2691 1116 2732 Virgilium
1143 2693 1242 2723 videri
1271 2694 1426 2730 omisisse;
1458 2693 1543 2733 quod

861 2734 946 2763 hunc
973 2734 1106 2764 Homeri
1127 2745 1252 2766 versum
1281 2736 1393 2776 exigue
1423 2742 1547 2765 secutus

856 2776 911 2806 sit:
935 2779 1010 2808 ‘1³27oe
1034 2777 1057 2807 δ’
1079 2780 1123 2820 ἀρι
1126 2792 1221 2817 γνωτη
1247 2779 1380 2809 πέλεται·
1401 2779 1496 2808 καλαι
1517 2777 1545 2808 δέ

858 2832 888 2849 σε
905 2821 1007 2850 πᾶσαν
1029 2821 1156 2860 quando
1181 2821 1269 2850 nulla
1291 2820 1388 2859 major
1403 2820 1542 2850 cumula-
