1888 3193
124 392 163 435 ei
182 405 224 433 se
243 389 376 447 aperit
396 389 577 447 Ulysses,
609 395 650 431 et
669 388 893 437 monitum,
924 386 1026 443 quid
1055 393 1097 429 et
1123 385 1336 444 quomodo
1362 395 1516 445 ageret,
1548 389 1624 433 do-

121 487 239 517 mum
268 472 406 514 mittit.
468 471 570 514 Post
590 486 685 513 cum
705 471 793 527 ipse
814 469 984 525 Ulysses
1004 469 1153 524 pannis
1173 469 1331 511 obsitus
1360 469 1413 511 ab
1446 470 1624 513 Eumaeo

121 556 167 597 in
186 555 334 598 urbem
357 554 612 610 domumque
640 552 798 610 regiam
829 551 980 593 ductus
1010 559 1127 601 esset,
1159 550 1397 608 agnoscitur
1426 552 1626 607 primum,

122 644 218 694 post
237 636 383 693 viginti
404 651 547 686 annos,
580 635 633 677 ab
654 649 772 676 cane:
805 648 830 674 a
848 632 986 689 procis
1014 640 1169 683 autem,
1201 647 1227 673 a
1248 633 1371 673 servis
1391 633 1472 674 suis
1495 642 1536 676 et
1556 651 1630 678 an-

122 717 224 758 cillis
257 716 387 759 multa
419 731 647 773 perpessus,
681 715 866 765 tandem,
915 714 1080 755 semotis
1112 721 1255 764 noctu,
1291 728 1368 769 per
1400 715 1629 760 absentiam

121 813 362 855 procorum,
396 798 520 840 armis
540 797 746 848 omnibus,
782 811 932 853 procos
952 795 1194 853 aggreditur
1215 803 1255 836 et
1275 795 1486 848 interficit,
1521 814 1629 854 prae-

120 887 185 921 ter
217 879 438 921 Phemium
471 879 697 921 cantorem
732 886 773 920 et
809 878 1059 920 Medontem
1093 892 1345 933 praeconem,
1378 893 1522 921 omnes
1550 882 1628 922 im-

123 976 255 1018 pune,
287 975 384 1002 cum
403 975 520 1001 arma
539 961 587 1002 iis
607 975 693 1002 non
719 968 865 1010 essent,
897 959 1046 1016 quibus
1080 960 1330 1010 resisterent,
1363 968 1404 1001 et
1438 960 1545 1003 fores
1575 964 1630 1006 ab

127 1043 347 1100 Euryclea,
384 1059 410 1085 a
429 1059 511 1099 qua
531 1059 554 1085 e
574 1044 777 1095 cicatrice,
809 1044 911 1085 dum
944 1043 1121 1094 lavatur,
1153 1044 1318 1101 agnitus
1353 1052 1456 1095 erat,
1489 1046 1633 1088 servis-

125 1139 207 1181 que
247 1124 454 1176 fidelibus,
508 1125 655 1181 quibus
701 1141 743 1167 se
783 1134 1014 1182 aperuerat,
1060 1126 1379 1168 custodirentur.
1461 1126 1633 1171 Patrata

128 1205 255 1256 caede,
286 1206 522 1262 punitisque
542 1207 714 1262 perfidis
741 1215 781 1249 et
802 1206 1001 1264 improbis
1036 1207 1205 1259 ancillis,
1243 1216 1284 1249 et
1305 1207 1543 1250 Melanthio
1563 1224 1632 1250 ca-

126 1289 280 1345 prario,
312 1287 491 1330 ostendit
536 1304 578 1331 se
616 1290 798 1345 primurn
840 1290 1077 1346 Penelopae,
1119 1289 1270 1331 deinde
1310 1289 1467 1340 La'e'rti,
1509 1290 1631 1346 patri.

129 1371 365 1414 Ithacenses
386 1388 499 1423 vero,
536 1373 642 1414 duce
664 1373 831 1430 Epithe,
863 1373 948 1415 filio
970 1374 1160 1425 Antinoi,
1183 1375 1254 1431 qui
1275 1375 1383 1417 inter
1401 1390 1552 1431 procos
1566 1376 1630 1417 in-

127 1453 320 1496 terfectus
360 1462 461 1504 erat,
502 1454 704 1496 instructa
744 1455 831 1496 acie
866 1455 1060 1497 adversus
1103 1456 1296 1514 Ulyssem
1336 1458 1502 1516 egressi,
1543 1458 1630 1516 pla-

129 1543 276 1579 cantur
291 1551 317 1578 a
332 1535 540 1588 Minerva,
561 1544 685 1594 atque
703 1537 762 1579 ita
781 1552 866 1594 pax
886 1537 1164 1594 componitur.
