1842 3182
497 208 910 261 ὈΔΥΣΣΕΙΑΣ
952 207 1024 258 Κ’.

1439 207 1548 257 425

204 356 427 430 Ημετὲςη
452 357 611 430 ματίῃ·
653 356 740 407 ἐπεὶ
769 351 889 406 §agen
917 353 1094 418 φαίνετο
1121 354 1296 423 wopam?-

95 435 165 485 80
200 434 409 503 Εξῆμαξ
435 454 515 501 μεν
541 432 653 500 ὁμῶς
681 427 870 497 πλέομεν
899 427 1058 486 νύκτας
1086 452 1131 479 τε
1160 453 1238 479 και
1258 427 1402 500 ἡμας·

201 506 474 578 Ἑβδομίιτη
504 505 538 557 δ’
568 504 800 573 ἱκόμεσθα
829 503 976 570 Λαμε
1004 500 1114 553 αἰπὺ
1140 503 1420 574 πτολιεθξον,

204 579 466 638 Τηλέπυλον
497 577 856 649 Λαιστρυγονίην,
883 575 962 627 ὅθι
989 575 1175 645 ποιμένα
1201 599 1359 645 ποιμην

204 653 366 705 Ἠπύει
396 655 609 745 εἷςελάων,
635 652 705 704 οδε
733 653 768 703 τ’
799 649 1035 712 ἐξελάων
1015 648 1220 702 υπακέει.

198 726 353 779 ’Ἔνθα
381 729 420 778 κ’
449 726 606 785 αὕπνος
633 726 735 797 ἀνηξ
763 723 916 783 30189’
904 727 951 775 εἴ
925 725 1090 796 ᾖξατο
1115 722 1294 792 μισ-θὲς,

97 805 169 856 85
206 801 292 853 Τον
317 825 412 870 μεν,
438 799 678 864 βεκολὲων,
705 823 773 851 τον
801 799 854 856 δ’,
882 800 1071 870 οἵξγυφα
1096 812 1231 866 μηλα
1259 795 1454 867 νομεύων·

839 871 908 891 ΧθΙ

204 874 378 941 Ἐγγὺς
407 899 498 945 'yae
527 874 673 933 νυκτός
700 896 746 925 τε
774 896 853 924 και
882 896 1055 942 ηματος
1084 875 1165 924 εἷο-ι
1193 871 1422 923 κέλευθοι.

196 949 367 1002 ””Εν3
355 950 443 1000 επεὶ
470 950 510 1007 ἐς
539 947 700 1018 λιμένα
727 946 887 998 κλυτὸν
916 946 1179 1016 η’λῧοαεν,
1165 945 1207 998 ο“ν
1233 945 1326 1018 πέξι
1353 943 1487 1017 πὲτξη

208 1097 322 1128 Nostra
337 1097 482 1135 stultitia3
505 1098 653 1138 quoniam
669 1106 734 1126 non
749 1095 883 1135 amplius
897 1095 1063 1134 apparebat
1083 1093 1230 1124 reductio.

147 1154 188 1182 80
210 1151 422 1182 Per-sex-dies
438 1151 563 1192 quidem
579 1151 729 1181 continuo
745 1150 969 1190 navigabamus
984 1156 1149 1189 noctesque
1164 1155 1196 1179 et
1210 1147 1289 1185 dies;

205 1205 344 1243 Septima
358 1205 502 1235 venimus
512 1205 604 1235 Lami
620 1205 659 1234 ad
675 1204 827 1234 excelsam
842 1204 962 1238 urbem,

204 1258 390 1298 Telepylum
406 1260 662 1298 Laestrygoniam,
679 1258 734 1288 ubi
749 1264 904 1297 pastorem
920 1264 1023 1296 pastor

205 1313 362 1344 Inclamat
376 1314 577 1353 intro-agens,
594 1314 671 1343 alter
686 1323 758 1342 vero
775 1312 903 1352 exigens
917 1312 1013 1342 audit.

204 1367 256 1398 Ibi
270 1368 421 1398 insomnis
435 1368 480 1397 vir
494 1368 651 1406 duplicem
667 1373 789 1406 caperet
800 1366 986 1401 mercedem,

141 1424 181 1453 85
206 1422 313 1452 Unam
327 1421 453 1462 quidem
468 1421 751 1460 pascendis-bobus,
767 1420 897 1450 alteram
914 1429 994 1455 vero,
1012 1418 1173 1458 pascendis
1188 1417 1327 1449 candidis
1340 1418 1521 1459 pecudibus:

206 1476 307 1515 Prope
322 1476 407 1506 enim
423 1475 582 1515 noctisque
596 1481 628 1505 et
641 1475 704 1505 diei
718 1480 792 1504 sunt
806 1474 873 1504 viae.

210 1529 261 1560 Ibi
276 1536 437 1571 postquam
453 1529 490 1560 ad
507 1535 631 1569 portum
648 1528 801 1569 inclytum
817 1527 1015 1563 venissemus,
1032 1537 1125 1568 quem
1141 1527 1259 1558 circum
1276 1533 1362 1568 petra

56 1661 108 1689 ξιον
132 1646 299 1680 Τηλέπυλον
326 1647 484 1686 ἐξεδέξαντο.
515 1649 609 1679 Sclzol.
638 1646 779 1678 Priorem

56 1690 343 1728 interpretationem
395 1698 567 1731 sequuntur
617 1690 780 1721 Editiones

56 1732 199 1772 vulgatae.
264 1735 435 1764 Barnesz‘us
472 1740 576 1764 autem
620 1734 779 1772 posteriori

55 1775 151 1805 modo
175 1775 292 1814 accipit.
338 1776 432 1812 Quod
459 1783 490 1806 et
515 1787 552 1806 eo
573 1776 777 1811 verisimilius,

56 1819 131 1859 quia
151 1818 319 1857 Epitheton
345 1819 511 1853 τηλὲτυλας
538 1819 616 1849 nulli
632 1819 684 1848 alii
710 1820 779 1849 urbi

56 1861 140 1900 apud
166 1861 295 1891 Po'e'tam
322 1862 475 1892 tribuitur.
533 1863 633 1893 Clark.
678 1862 780 1892 Possis

53 1905 147 1935 etiam
163 1911 287 1939 vertere,
312 1904 337 1934 si
353 1915 408 1942 pro
428 1904 613 1944 appellativo
634 1904 776 1943 accipias,

3 1984 6 1986 ¹
52 1949 131 1978 altas
155 1948 292 1987 latasque
313 1954 418 1987 portas
442 1949 615 1978 habentem:
641 1947 724 1987 quod
748 1954 779 1977 et

53 1990 158 2028 ipsum
175 1999 298 2030 magnae
318 1991 404 2020 urbis
417 1990 569 2021 indicium
590 2000 655 2020 esse
669 1996 778 2030 potest.

53 2034 134 2064 Em.

102 2075 253 2106 Ibid.091
282 2075 400 2115 ποιμένα
426 2088 527 2116 *tollam
555 2075 668 2118 'Ha-6⁵1]
698 2076 780 2107 εὈτιἿς

56 2132 79 2150 οι
110 2120 195 2155 νομεῖς
225 2119 361 2152 ἆλλῆλες
391 2119 641 2161 προςφθὲγιγονται
669 2118 714 2150 δια
747 2120 781 2150 τὸ

56 2161 194 2200 σύνεγγυς
211 2160 275 2191 ειναι
290 2161 343 2194 τὰς
371 2162 465 2200 νομάς·
479 2162 495 2195 ἢ
518 2164 636 2201 μᾶλλον
662 2164 700 2193 e?
721 2161 781 2193 δια-

59 2216 188 2258 ffnffiAE?0§
214 2217 247 2234 ΤΟ
275 2204 438 2257 d'ffssfloefl‘fllol
469 2217 522 2234 VH!
548 2205 646 2236 Tua-&W
680 2218 781 2248 μετξθν

57 2245 186 2285 ἀπέχειν,
214 2259 264 2276 και
289 2245 349 2276 εὖτ-ω
373 2246 422 2278 τὴν
448 2247 534 2286 φωνην
559 2247 721 2285 ἓξακέεσέαι
744 2250 782 2279 τῦ

59 2301 92 2319 τε
108 2288 306 2322 signabuntur-03
322 2289 374 2318 καὶ
388 2289 426 2319 v?
447 2289 642 2327 ἐξελαύνοντες.
686 2292 780 2322 Schol.

58 2332 228 2362 Bar-nesius
239 2330 368 2361 Poetam
375 2331 425 2361 hic
433 2331 513 2361 nihi}
521 2332 606 2362 aliud
613 2342 706 2373 quam
719 2333 781 2364 Ur-

59 2375 131 2403 bem
146 2379 244 2403 totam
259 2375 303 2403 rei
320 2375 495 2405 Pastoriciae
516 2374 654 2405 dedita-m
669 2375 778 2415 depin-

57 2425 132 2456 gere
154 2415 288 2446 voluisse
302 2416 464 2448 existimat.
507 2418 591 2449 Vide
615 2418 697 2449 infra
716 2429 776 2450 ver.

58 2462 108 2489 86.
126 2459 227 2490 Clark.
269 2458 389 2489 Locum
403 2460 535 2491 huncde
549 2461 779 2492 brevitatenoc·

59 2502 139 2531 tium
164 2500 312 2541 intelligit
336 2503 483 2545 Hyginus
510 2504 635 2534 Astron.
662 2505 725 2535 IV.
750 2509 780 2535 3.

56 2545 108 2575 De
119 2546 173 2574 hoc
186 2545 313 2584 (nempe
324 2544 483 2585 Dracone)
497 2547 648 2577 Homerus
658 2557 781 2588 quoque

58 2587 103 2616 ita
117 2587 241 2616 brevem
262 2593 384 2617 noctem
399 2598 465 2618 esse
487 2588 569 2624 dicit,
593 2596 628 2620 ut
643 2596 779 2629 pastores

59 2640 128 2661 cum
149 2630 208 2659 alii
221 2631 354 2668 exigant,
368 2631 426 2661 alii
439 2633 587 2662 reducant
593 2643 695 2671 pecus
706 2644 778 2672 pos·

58 2673 122 2702 sint
136 2670 216 2701 alius
229 2671 328 2702 alium
342 2672 459 2710 audire,
475 2684 547 2704 cum
561 2685 646 2704 unus
659 2682 783 2715 propter

59 2721 184 2745 noctem
199 2724 292 2753 pecus
310 2715 437 2746 reducat
456 2718 532 2747 alter
543 2723 665 2757 propter
685 2720 781 2750 lucem

58 2759 168 2796 exigat.
214 2757 294 2787 Haec
308 2764 354 2788 est
378 2758 457 2788 ratio
474 2761 610 2796 Cratetis,
637 2766 673 2790 ut
694 2761 785 2793 docet

61 2801 247 2831 Eustachius
261 2799 301 2830 ad
315 2801 345 2831 h.
360 2800 382 2831 l.
410 2807 442 2831 et
468 2803 614 2833 Geminus
632 2803 667 2833 in
681 2804 783 2836 Elem.

59 2843 187 2874 Astron.
203 2853 228 2873 c.
246 2846 274 2874 5.
299 2843 352 2883 qui
378 2843 595 2885 Laestrygonas
618 2847 675 2876 sub
698 2847 781 2878 Dra-

60 2886 148 2916 conis
161 2886 262 2925 eapite
276 2885 452 2924 collocabat,
465 2888 519 2918 ubi
530 2887 708 2929 longissima
717 2890 784 2922 dies

84 2940 175 2976 V01..
193 2942 258 2977 ΙΙΙ.

822 1648 969 1679 horarum
990 1651 1026 1678 21
1046 1651 1100 1677 est.
1147 1647 1222 1677 Alia
1235 1646 1342 1676 minus
1364 1645 1485 1676 subtilis
1498 1645 1548 1676 in-

823 1691 1001 1730 terpretatio
1017 1690 1101 1729 apud
1127 1691 1336 1724 Euslatlzz'um‚
1363 1697 1458 1730 quam
1480 1699 1550 1728 pro-

822 1736 874 1764 bat
900 1737 1027 1765 Riccius
1055 1733 1093 1763 V.
1113 1732 1149 1763 C.
1177 1734 1231 1773 qui
1254 1733 1293 1762 de
1317 1734 1376 1762 hoc
1398 1732 1467 1762 loco
1489 1732 1549 1763 sic:

826 1778 909 1806 Cum
934 1777 1043 1806 multae
1068 1776 1131 1805 sint
1153 1776 1248 1815 hujus
1277 1775 1338 1805 loci
1369 1775 1552 1814 interpreta-

822 1819 930 1854 tiones,
959 1819 1076 1849 caeteris
1091 1818 1197 1849 minus
1221 1818 1300 1857 aptis
1313 1818 1443 1852 omissis,
1469 1819 1552 1848 hanc

823 1872 919 1892 unam
935 1861 1059 1892 damus:
1088 1863 1199 1892 Pastor
1209 1867 1359 1900 pastorem
1375 1867 1487 1897 evocat;
1504 1861 1549 1891 vi-

821 1904 933 1935 delicet
947 1913 1061 1944 pastor,
1084 1905 1137 1944 qui
1155 1904 1218 1944 egit
1233 1914 1306 1934 oves
1319 1903 1378 1939 die,
1394 1910 1552 1943 pastorem

820 1954 934 1983 evocat,
950 1948 1004 1988 qui
1020 1954 1114 1977 noctu
1129 1952 1201 1987 agat
1215 1953 1366 1977 armenta.
1409 1947 1473 1977 Pro
1489 1957 1551 1987 qua

821 2000 854 2020 re
875 1989 1080 2031 intelligenda
1104 1990 1265 2020 sciendum
1281 1994 1338 2027 est,
1364 1989 1407 2019 ibi
1431 1990 1480 2031 (in
1503 2001 1551 2020 se—

821 2033 914 2063 dibus
928 2034 1182 2074 Laestrygonum)
1199 2033 1298 2069 asilos,
1326 2032 1388 2063 sive
1411 2034 1549 2070 tabanos,

823 2083 878 2107 aut
896 2078 991 2107 etiam
1016 2083 1122 2106 oestros
1146 2086 1263 2116 magno
1293 2086 1427 2106 numero
1456 2076 1549 2113 nasci,

823 2129 892 2160 quae
906 2119 1024 2150 insecta
1033 2119 1220 2149 animalibus
1231 2118 1337 2148 minus
1351 2118 1468 2149 villosis
1477 2126 1552 2149 sunt

824 2162 1032 2198 infestissima,
1060 2162 1137 2193 adeo
1152 2168 1189 2193 ut
1213 2161 1330 2192 aculeis
1344 2172 1380 2192 ea
1405 2172 1486 2201 saepe
1508 2162 1549 2192 ad

822 2205 961 2236 furorem
998 2205 1150 2246 redigant.
1209 2205 1407 2244 Quapropter
1443 2205 1551 2236 villosa

824 2258 935 2287 pecora
948 2249 990 2279 ibi
1007 2249 1047 2279 ad
1062 2258 1176 2288 pascua
1190 2248 1326 2278 interdiu
1336 2247 1422 2278 ducit
1436 2254 1548 2287 pastor,

824 2298 919 2322 noctu
942 2298 1014 2322 vero
1043 2292 1122 2322 alius
1146 2291 1233 2322 ducit
1257 2291 1364 2332 glabra
1388 2290 1452 2321 sive
1477 2291 1549 2330 pilis

823 2335 930 2364 minus
943 2336 1072 2371 obtecta,
1095 2341 1131 2365 ut
1145 2336 1246 2369 boves,
1274 2344 1368 2374 equos
1382 2340 1440 2364 etc.
1487 2335 1548 2364 At-

823 2387 884 2418 que
905 2378 979 2408 hinc
1005 2378 1109 2408 lucem
1137 2378 1256 2416 accipit,
1286 2377 1371 2417 quod
1399 2377 1546 2416 sequitur,

821 2420 905 2460 quod
916 2421 962 2450 vir
976 2421 1128 2451 insomnis
1141 2420 1299 2460 duplicem
1310 2420 1361 2450 hic
1373 2419 1550 2450 mercedem

822 2463 983 2503 acciperet,
1007 2474 1104 2494 unam
1134 2464 1289 2499 diurnam,
1319 2464 1449 2494 alteram
1475 2473 1549 2493 noc-

823 2512 959 2542 turnam,
989 2507 1016 2536 si
1043 2516 1154 2537 somno
1181 2507 1347 2541 abstinens,
1385 2511 1549 2546 postquam

824 2548 914 2579 duxit
927 2549 977 2580 die
989 2560 1068 2585 oves,
1083 2556 1176 2580 noctu
1187 2550 1282 2580 ducat
1290 2555 1438 2580 armenta.
1486 2550 1550 2579 Hic

822 2597 869 2622 est
892 2594 1023 2623 Homeri
1036 2594 1195 2631 genuinus
1221 2603 1336 2628 sensus,
1365 2601 1459 2632 quem
1485 2601 1551 2620 non

822 2634 966 2665 videntur
1008 2636 1146 2676 plerique
1188 2635 1370 2675 interpretes
1412 2633 1551 2664 assecuti.

826 2678 901 2707 Non
923 2678 1008 2708 enim
1023 2685 1148 2709 vertunt
1170 2681 1329 2718 acciperet,
1353 2676 1406 2707 sed
1428 2677 1551 2715 accipit.

825 2720 936 2751 Primo
949 2727 1055 2752 autem
1071 2722 1167 2752 modo
1189 2721 1371 2751 vertendum
1400 2729 1473 2753 esse,
1497 2718 1551 2757 qui

829 2763 1075 2795 Grammaticam
1098 2775 1231 2804 graecam
1247 2769 1340 2795 tenet.
1363 2761 1454 2791 facile
1468 2761 1552 2791 vide-

827 2806 881 2837 bit.
923 2809 1037 2847 Dispp.
1055 2809 1212 2838 Homeric.
1227 2806 1266 2836 T.
1284 2805 1352 2835 ΙΙΙ.
1367 2815 1395 2843 p.
1411 2807 1478 2833 108.
1492 2809 1548 2833 etc.

825 2849 972 2888 Nempe’
965 2863 990 2880 ε
978 2850 1077 2893 ζῇρατό
1094 2863 1134 2885 z„
1152 2860 1216 2880 non
1231 2854 1277 2878 est
1290 2849 1413 2886 accipi,c
1435 2846 1486 2876 sed
1501 2858 1538 2876 ac

825 2894 922 2932 cipiet
940 2893 988 2923 vel
1012 2895 1099 2932 accil
1102 2899 1173 2923 eret
1220 2892 1302 2921 Haec
1326 2896 1431 2921 tamen
1457 2889 1553 2928 expli

787 2946 860 2982 εΗ
