1888 3193
826 665 1141 723 SUMMA

593 841 928 892 ODYSSEAE
963 842 1362 893 UNIVERSAE.

230 1174 438 1229 ULYSSES
457 1184 822 1243 cuminOgygiam
836 1184 1010 1227 insulam
1025 1192 1267 1241 tempestate
1281 1183 1441 1228 delatus
1455 1200 1481 1228 a
1497 1185 1732 1244 Calypsone

226 1272 495 1319 retineretur3
529 1268 698 1311 decreto
728 1285 752 1311 a
781 1270 876 1312 Diis
900 1270 1033 1314 reditu
1067 1271 1153 1326 ejus
1183 1270 1227 1312 in
1254 1270 1448 1327 patriam,
1464 1271 1668 1317 'Minerva
1686 1275 1732 1319 in

228 1353 419 1398 Ithacam
439 1339 648 1407 profecta,
663 1352 838 1408 impellit
860 1351 1176 1403 Telemachum,
1198 1360 1246 1395 ut
1265 1352 1319 1394 ad
1340 1353 1560 1396 Nestorem
1581 1363 1622 1398 et
1638 1354 1735 1400 Me-

225 1435 396 1478 nelaum
417 1433 496 1474 iret
517 1433 768 1475 sciscitatum
789 1433 842 1475 de
861 1441 993 1491 patre,
1017 1434 1296 1492 comitemque
1313 1450 1358 1477 se
1377 1435 1537 1492 praebet
1552 1440 1737 1497 peregri-

225 1516 362 1566 nanti3
395 1514 633 1557 Mercurius
655 1522 794 1558 autem
814 1532 839 1558 a
859 1516 964 1559 Jove
983 1517 1130 1559 missus
1150 1517 1205 1559 ad
1228 1516 1518 1575 Calypsonem,
1533 1518 1654 1575 jubet
1673 1520 1736 1563 di-

225 1598 392 1640 mittere
414 1596 622 1653 Ulyssem.
685 1597 752 1640 Ita
771 1598 979 1654 profectus
1000 1598 1109 1649 navi,
1136 1613 1261 1655 quam
1282 1598 1371 1654 ipse
1389 1598 1613 1642 fabricatus
1633 1609 1735 1654 erat,

224 1679 481 1735 opprimitur
507 1694 534 1720 a
563 1686 806 1735 tempestate
836 1696 862 1722 a
893 1680 1092 1736 Neptuno
1122 1680 1319 1731 immissa,
1351 1694 1581 1736 per-quam
1606 1681 1737 1726 stacta

228 1776 350 1813 nave,
382 1762 470 1818 ipse
490 1762 628 1804 nudus
649 1771 788 1805 enatat
812 1763 856 1805 in
886 1763 1061 1805 insulam
1095 1761 1336 1813 Phaeacum,
1370 1762 1610 1818 Corcyram.
1670 1763 1738 1806 Ibi

226 1859 254 1886 a
274 1844 496 1894 Nausicaa,
519 1844 627 1901 regis
647 1843 747 1894 filia,
779 1826 983 1886 deductus
1003 1844 1176 1885 domum
1206 1844 1349 1900 patris,
1383 1842 1561 1894 Alcinoi,
1592 1843 1738 1904 benig-

227 1942 364 1983 neque
400 1934 613 1981 exceptus,
651 1934 692 1966 et
721 1925 964 1976 liberaliter,
996 1925 1207 1976 conviviis,
1242 1924 1364 1975 ludis,
1395 1924 1514 1966 donis
1543 1924 1736 1982 denique,

228 2017 445 2059 tractatus,
461 2008 637 2049 narratis
657 2006 866 2048 erroribus
887 2008 983 2058 suis,
1010 2022 1186 2062 quaeque
1206 2005 1383 2055 vidisset,
1406 2020 1581 2061 quaeque
1595 2020 1738 2061 passus

229 2101 348 2140 esset,
372 2091 424 2132 de
443 2089 680 2139 Ciconibus,
705 2088 977 2145 Lotophagis,
999 2087 1199 2144 Cyclope,
1217 2087 1361 2138 AEolo,
1379 2087 1735 2144 Laestrygonibus,

233 2175 369 2224 Circe,
403 2171 722 2228 Necyomantia,
759 2170 984 2220 Sirenibus,
1020 2169 1216 2220 Planctis,
1248 2168 1382 2210 bubus
1415 2168 1534 2220 Solis,
1566 2169 1682 2210 caesis
1712 2184 1738 2211 a

229 2257 352 2298 sociis
374 2256 469 2306 suis,
496 2263 539 2297 et
559 2261 802 2309 tempestate
822 2260 1042 2308 propterea
1062 2251 1257 2303 immissa,
1278 2265 1353 2306 per
1374 2265 1497 2306 quam
1517 2249 1573 2291 illi
1594 2265 1738 2294 omnes

230 2338 446 2393 perissent,
483 2337 570 2391 ipse
607 2335 714 2377 solus
745 2335 936 2376 evasisset
965 2333 1019 2375 ad
1053 2333 1277 2391 Ogygiam,
1314 2315 1534 2372 deducitur
1563 2331 1738 2374 tandem

230 2421 327 2461 navi
358 2421 401 2460 in
433 2418 636 2468 Ithacam,
667 2417 911 2473 monituque
943 2416 1152 2457 Minervae
1182 2415 1364 2470 primum
1389 2413 1476 2455 adit
1497 2413 1735 2468 Eumaeum,

231 2501 472 2550 subulcuin3
505 2515 528 2541 e
550 2514 633 2554 quo
654 2498 867 2555 cognoscit
886 2498 938 2539 de
959 2505 1067 2539 statu
1087 2511 1227 2538 rerum
1243 2510 1423 2545 suarum,
1445 2495 1498 2536 de
1515 2496 1739 2553 Penelopae

231 2581 332 2632 fide,
356 2582 408 2623 (le
427 2595 653 2637 procorum
675 2580 850 2636 injuriis,
873 2577 1116 2620 Telemachi
1136 2578 1295 2628 itinere,
1318 2585 1358 2618 et
1377 2576 1618 2632 parentibus
1639 2577 1734 2620 suis.

235 2663 401 2704 Interea
423 2661 631 2703 Minervae
645 2661 762 2716 jussu
778 2659 957 2701 reditum
978 2659 1022 2699 in
1042 2658 1219 2714 patriam
1240 2665 1359 2713 parat
1380 2656 1665 2708 Telemachus,
1696 2666 1738 2700 et

231 2744 360 2799 ipsius
381 2742 550 2784 consilio
571 2742 748 2797 adjutUS,
781 2740 918 2782 evadit
939 2739 1120 2789 insidias,
1152 2754 1252 2795 quas
1273 2739 1310 2780 ei
1339 2738 1456 2794 proci
1486 2745 1735 2780 struxerant.

234 2823 424 2865 Primum
445 2823 556 2864 venit
576 2822 738 2863 monitu
759 2821 867 2863 Deae
888 2820 941 2862 ad
962 2821 1142 2862 eundem
1165 2820 1402 2870 Eumaeum,
1426 2818 1508 2868 ubi,
1542 2819 1644 2860 dum
1664 2818 1738 2860 ab-

232 2911 293 2945 est
315 2904 528 2956 Eumaeus,
563 2903 708 2946 missus
729 2901 783 2945 ad
805 2901 1078 2960 Penelopam,
1109 2908 1157 2946 ut
1176 2900 1229 2945 de
1249 2901 1386 2944 reditu
1406 2914 1480 2943 suo
1504 2900 1737 2950 nunciaret,
